%
%  Vzor bibliografické databáze pro automatickou tvorbu seznamu referencí
%  pomocí BibTeXu
%
%  Doporučený software pro správu databáze literatury formátu *.bib:
%    JabRef, http://jabref.sourceforge.net/
%
%  POZOR:
%
%    *  Písmena v názvech publikací, jež je třeba tisknout vždy velká, se musejí psát
%       do složených závorek ({T}hailand, {HIV})
%
%  ===========================================================================

@article{Lalonde10,
	Author = {Jean-Fran\c{c}ois Lalonde and Srinivasa G. Narasimhan and Alexei A. Efros},
	Journal = {International Journal on Computer Vision},
	Month = {May},
	Number = {1},
	Pages = {24--51},
	Title = {What do the sun and the sky tell us about the camera?},
	Volume = {88},
	Year = {2010}
}


@article{Perez93,
	abstract = {This article reports the development and evaluation of a new model for describing, from routine irradiance measurements, the mean instantaneous sky luminance angular distribution patterns for all sky conditions from overcast to clear, through partly cloudy, skies.},
	author = {R. Perez and R. Seals and J. Michalsky},
	doi = {https://doi.org/10.1016/0038-092X(93)90017-I},
	issn = {0038-092X},
	journal = {Solar Energy},
	number = {3},
	pages = {235-245},
	title = {All-weather model for sky luminance distribution---Preliminary configuration and validation},
	url = {https://www.sciencedirect.com/science/article/pii/0038092X9390017I},
	volume = {50},
	year = {1993},
	bdsk-url-1 = {https://www.sciencedirect.com/science/article/pii/0038092X9390017I},
	bdsk-url-2 = {https://doi.org/10.1016/0038-092X(93)90017-I}
 
}

@article{Prague2021,
	author = {Wilkie, Alexander and Vevoda, Petr and Bashford-Rogers, Thomas and Ho\v{s}ek, Luk\'{a}\v{s} and Iser, Tom\'{a}\v{s} and Kol\'{a}\v{r}ov\'{a}, Monika and Rittig, Tobias and K\v{r}iv\'{a}nek, Jaroslav},
	title = {A Fitted Radiance and Attenuation Model for Realistic Atmospheres},
	year = {2021},
	issue_date = {August 2021},
	publisher = {Association for Computing Machinery},
	address = {New York, NY, USA},
	volume = {40},
	number = {4},
	issn = {0730-0301},
	url = {https://doi.org/10.1145/3450626.3459758},
	doi = {10.1145/3450626.3459758},
	abstract = {We present a fitted model of sky dome radiance and attenuation for realistic terrestrial atmospheres. Using scatterer distribution data from atmospheric measurement data, our model considerably improves on the visual realism of existing analytical clear sky models, as well as of interactive methods that are based on approximating atmospheric light transport. We also provide features not found in fitted models so far: radiance patterns for post-sunset conditions, in-scattered radiance and attenuation values for finite viewing distances, an observer altitude resolved model that includes downward-looking viewing directions, as well as polarisation information. We introduce a fully spherical model for in-scattered radiance that replaces the family of hemispherical functions originally introduced by Perez et al., and which was extended for several subsequent analytical models: our model relies on reference image compression via tensor decomposition instead.},
	journal = {ACM Trans. Graph.},
	month = {jul},
	articleno = {135},
	numpages = {14},
	keywords = {sky dome models}
}


@article{Libradtran2016,
	author = {Emde, C. and Buras-Schnell, R. and Kylling, A. and Mayer, B. and Gasteiger, J. and Hamann, U. and Kylling, J. and Richter, B. and Pause, C. and Dowling, T. and Bugliaro, L.},
	doi = {10.5194/gmd-9-1647-2016},
	journal = {Geoscientific Model Development},
	number = {5},
	pages = {1647--1672},
	title = {The libRadtran software package for radiative transfer calculations (version 2.0.1)},
	url = {https://gmd.copernicus.org/articles/9/1647/2016/},
	volume = {9},
	year = {2016},
	bdsk-url-1 = {https://gmd.copernicus.org/articles/9/1647/2016/},
	bdsk-url-2 = {https://doi.org/10.5194/gmd-9-1647-2016}}

@misc{wiki:spherical,
  author       = {Wikipedia},
  title        = {Sférická soustava souřadnic},
  year         = {2023},
  url          = {https://cs.wikipedia.org/wiki/Sf%C3%A9rick%C3%A1_soustava_sou%C5%99adnic#/media/Soubor:Spherical_with_grid.svg},
  note         = {Accessed: 2023-04-17}
}

@mastersthesis{Hosko14,
    author    = {Jaromír Hoško},
    title     = {Bezpečnostní kamerové systémy},
    school    = {České vysoké učení technické v Praze},
    year      = {2014},
    url       = {https://dspace.cvut.cz/handle/10467/24416},
}

@misc{rgbgray,
  title = {{RGB to Grayscale}},
  author = {{scikit-image}},
  year = {2021},
  howpublished = {\url{https://scikit-image.org/docs/dev/auto_examples/color_exposure/plot_rgb_to_gray.html}},
  note = {Accessed: 2023-04-17}
}
@misc {corona,
  title = {{Corona Renderer}},
  author = {{Chaos Czech a.s.}},
  year = {2023},
  howpublished = {\url{https://corona-renderer.com/}},
  note = {Accessed: 2023-04-17}
}

@misc {nikon,
  title = {{Understanding Focal Length}},
  author = {{Nikon}},
  year = {2023},
  howpublished = {\url{https://www.nikonusa.com/en/learn-and-explore/a/tips-and-techniques/understanding-focal-length.html}},
  note = {Accessed: 2023-04-17}
}

